<?xml version="1.0" encoding="UTF-8"?><collection xmlns="http://www.loc.gov/MARC21/slim"><record><leader>00352nam--2200121-i-4500</leader><controlfield tag="001">000018547</controlfield><controlfield tag="002">20161230</controlfield><controlfield tag="005">20161230201032</controlfield><controlfield tag="008">060222s1000------------r-----000-0-eng-d</controlfield><datafield ind1=" " ind2=" " tag="100"><subfield code="a">Dehn, Eitel</subfield></datafield><datafield ind1=" " ind2=" " tag="245"><subfield code="a">Einfache versuche zur allgemeinen und physikalischen chemie</subfield></datafield><datafield ind1=" " ind2=" " tag="260"><subfield code="a">Berlin, Walter De Gruyter &amp; Co., 1962. 272 P. Mit 40 Figuren</subfield></datafield><datafield ind1=" " ind2=" " tag="852"><subfield code="a">17268</subfield></datafield></record></collection>